%@article{Doe2010,
    author = {Doe, John and Smith, Jane},
    title = {The Title of the Article},
    journal = {The Journal Name},
    year = {2010},
    volume = {20},
    number = {3},
    pages = {100--120},
    doi = {10.1234/56789},
    url = {https://www.example.com/article}
}

% im Text dann \cite{quelle}

@online{SpringerLink,
    author = {Martina Block},
    title = {Definition und Anwendungsbereiche},
    url = {https://link.springer.com/chapter/10.1007/978-3-662-67427-7_2},
    date = {2023-08-29},
    urldate = {2024-06-23}
}
@online{ScienceDirect,
    author = {Lucas Whittaker},
    title = {Mapping the deepfake landscape for innovation: A multidisciplinary systematic review and future research agenda},
    url = {https://www.sciencedirect.com/science/article/pii/S0166497223000950#abs0015},
    date = {2023-07},
    urldate = {2024-06-23}
}
@online{Jatit,
    author = {Marwan Albahar, Jameel Almalki},
    title = {DEEPFAKES: THREATS AND COUNTERMEASURES SYSTEMATIC REVIEW},
    url = {chrome-extension://efaidnbmnnnibpcajpcglclefindmkaj/https://www.jatit.org/volumes/Vol97No22/7Vol97No22.pdf},
    date = {2019-11-30},
    urldate = {2024-06-23}
}
@online{ResearchGate,
    author = {Jennifer-Tia KÃ¶tke},
    title = {DEEPFAKE -EINE KURZE EINLEITUNG Deepfake -Eine kurze Einleitung},
    url = {chrome-extension://efaidnbmnnnibpcajpcglclefindmkaj/https://www.researchgate.net/profile/Jennifer-Tia-Koetke/publication/373041489_DEEPFAKE_-EINE_KURZE_EINLEITUNG_Deepfake_-Eine_kurze_Einleitung/links/64d4ffddd3e680065aac7ee3/DEEPFAKE-EINE-KURZE-EINLEITUNG-Deepfake-Eine-kurze-Einleitung.pdf},
    date = {2021-02},
    urldate = {2024-06-23}
}